<?xml version="1.0" encoding="UTF-8"?><collection xmlns="http://www.loc.gov/MARC21/slim"><record><leader>00404nam--2200157-i-4500</leader><controlfield tag="001">000007929</controlfield><controlfield tag="002">20161230</controlfield><controlfield tag="005">20170126001240</controlfield><controlfield tag="008">060222s1000------------r-----000-0-eng-d</controlfield><datafield ind1=" " ind2=" " tag="080"><subfield code="a">51:53</subfield></datafield><datafield ind1=" " ind2=" " tag="100"><subfield code="a">Boas, Mary L</subfield></datafield><datafield ind1=" " ind2=" " tag="245"><subfield code="a">Mathematical methods in the physical science</subfield></datafield><datafield ind1=" " ind2=" " tag="260"><subfield code="a">New York</subfield><subfield code="b">John Wiley &amp; Sons, Inc</subfield><subfield code="c">1966</subfield></datafield><datafield ind1=" " ind2=" " tag="300"><subfield code="a">XIX + 778 p</subfield></datafield><datafield ind1=" " ind2=" " tag="852"><subfield code="a">25237</subfield></datafield><datafield ind1=" " ind2=" " tag="CAT"><subfield code="a">SYS</subfield><subfield code="c">20170126</subfield><subfield code="h">001240</subfield></datafield></record></collection>